<?xml version="1.0" encoding="UTF-8"?><collection xmlns="http://www.loc.gov/MARC21/slim"><record><leader>00337nam--2200109-i-4500</leader><controlfield tag="001">000035488</controlfield><controlfield tag="002">20161230</controlfield><controlfield tag="005">20161230201040</controlfield><controlfield tag="008">060222s1000------------r-----000-0-eng-d</controlfield><datafield ind1=" " ind2=" " tag="245"><subfield code="a">National conference on nuclear energy:application of isotopes and radiation.proceedings</subfield></datafield><datafield ind1=" " ind2=" " tag="260"><subfield code="a">Pretoria, Republic Of Soth Africa, 1963. 639p</subfield></datafield><datafield ind1=" " ind2=" " tag="852"><subfield code="a">20470</subfield></datafield></record></collection>